@IEEEtranBSTCTL{IEEEexample:BSTcontrol,
  CTLuse_article_number = {no},
  CTLuse_forced_etal = {yes},
  CTLmax_names_forced_etal = {3},
  CTLnames_show_etal = {1},
}

@book{bishop2006,
  title = {Pattern recognition and machine learning},
  author = {Christopher Bishop},
  series = {Information Science and Statistics},
  publisher = {Springer},
  year = {2006},
}

@article{chaudhry2015,
  author = {Muhammad Chaudhry and Teck Ling and Atif Manzoor and Syed Hussain and Jongwon Kim},
  title = {Thermal-aware scheduling in green data centers},
  journal = {ACM Computing Surveys},
  volume = {47},
  number = {3},
  pages = {39:1--39:48},
  month = {February},
  year = {2015},
}

%
% Traffic
%
@article{leland1994,
  author = {Will Leland and Murad Taqqu and Walter Willinger and Daniel Wilson},
  title = {On the self-similar nature of {Ethernet} traffic},
  journal = {IEEE/ACM Trans. Networking},
  _journal = {IEEE/ACM Transactions on Networking},
  volume = {2},
  number = {1},
  pages = {1--15},
  month = {February},
  year = {1994},
}

@article{riedi1999,
  author = {Rudolf Riedi and M. Crouse and V. Ribeiro and R. Baraniuk},
  title = {A multifractal wavelet model with application to network traffic},
  journal = IEEE_J_IT,
  volume = {45},
  number = {3},
  pages = {992--1018},
  month = {April},
  year = {1999},
}

@book{lifshits2014,
  author = {Lifshits, Mikhail},
  title = {Random processes by example},
  publisher = {World Scientific},
  year = {2014},
}

@techreport{google,
  author = {Charles Reiss and John Wilkes and Joseph Hellerstein},
  title = {Google cluster-usage traces: format + schema},
  institution = {Google},
  url = {https://github.com/google/cluster-data},
  month = {November},
  year = {2011},
}

%
% Reliability
%
@online{jedec,
  title = {Failure mechanisms and models for semiconductor devices},
  organization = {JEDEC},
  url = {http://www.jedec.org},
  month = {June},
  year = {2017},
}

@article{coskun2006,
   author = {Ayse Coskun and Tajana Rosing and Kresimir Mihic and Giovanni De Micheli and Yusuf Leblebici},
   title = {Analysis and optimization of {MPSoC} reliability},
   journal = {J. Low Power Electronics},
   _journal = {Journal of Low Power Electronics},
   volume = {2},
   number = {1},
   year = {2006},
   pages = {56--69},
}

%
% Performance
%
@inproceedings{carlson2011,
  author = {Trevor Carlson and Wim Heirman and Lieven Eeckhout},
  title = {Sniper: exploring the level of abstraction for scalable and accurate parallel multi-core simulations},
  booktitle = {Int. Conf. High Performance Computing, Networking, Storage and Analysis},
  _booktitle = {International Conference for High Performance Computing, Networking, Storage and Analysis},
  pages = {52:1--52:12},
  month = {November},
  year = {2011},
}

%
% Power
%
@inproceedings{liu2007,
  author = {Yongpan Liu and Robert Dick and Li Shang and Huazhong Yang},
  title = {Accurate temperature-dependent integrated circuit leakage power estimation is easy},
  booktitle = {DATE},
  _booktitle = {Design, Automation, and Test in Europe Conference},
  pages = {1526--1531},
  year = {2007},
}

@inproceedings{li2009,
  author = {Sheng Li and Jung Ahn and Richard Strong and Jay Brockman and Dean Tullsen and Norman Jouppi},
  title = {{McPAT}: an integrated power, area, and timing modeling framework for multicore and manycore architectures},
  booktitle = {IEEE/ACM Int. Symp. Microarchitecture},
  _booktitle = {IEEE/ACM International Symposium on Microarchitecture},
  pages = {469--480},
  month = {December},
  year = {2009},
}

@book{chandrakasan2000,
  author = {Anantha Chandrakasan and William Bowhill and Frank Fox},
  title = {Design of high-performance microprocessor circuits},
  publisher = {Wiley-IEEE Press},
  year = {2000},
}

%
% Temperature
%
@inproceedings{coskun2008,
  author = {Ayse Coskun and Tajana Rosing and Kenny Gross},
  title = {Proactive temperature management in {MPSoCs}},
  booktitle = {International Symposium on Low Power Electronics \& Design},
  pages = {165--170},
  year = {2008},
}

@article{skadron2004,
  author = {Kevin Skadron and Mircea Stan and Karthik Sankaranarayanan and Wei Huang and Sivakumar Velusamy and David Tarjan},
  title = {Temperature-aware microarchitecture: modeling and implementation},
  journal = {ACM Trans. Architecture and Code Optimization},
  _journal = {ACM Transactions on Architecture and Code Optimization},
  volume = {1},
  number = {1},
  pages = {94--125},
  month = {March},
  year = {2004},
}

@inproceedings{sridhar2010,
  author = {Arvind Sridhar and Alessandro Vincenzi and Martino Ruggiero and Thomas Brunschwiler and David Atienza},
  booktitle = IEEE_J_CAD,
  title = {{3D-ICE}: fast compact transient thermal modeling for {3D ICs} with inter-tier liquid cooling},
  pages = {463--470},
  month = {November},
  year = {2010},
}

%
% Benchmarks
%
@phdthesis{bienia2011,
  author = {Christian Bienia},
  title = {Benchmarking modern multiprocessors},
  school = {Princeton University},
  month = {January},
  year = {2011},
}

@online{cpu2006,
  title = {{SPEC CPU2006}},
  organization = {Standard Performance Evaluation Corporation},
  url = {https://www.spec.org/cpu2006},
  month = {June},
  year = {2017},
}

%
% Auxiliary software
%
@online{redis,
  title = {Redis},
  url = {https://redis.io},
  month = {June},
  year = {2018},
}

@online{sqlite,
  title = {{SQLite}},
  url = {https://sqlite.org},
  month = {June},
  year = {2017},
}

%
% Our work
%
@article{ukhov2014,
  author = {Ivan Ukhov and Petru Eles and Zebo Peng},
  title = {Temperature-centric reliability analysis and optimization of electronic systems under process variation},
  journal = IEEE_J_VLSI,
  month = {December},
  year = {2014},
}

@online{sources,
  title = {Source code, configuration files, and input data},
  _organization = {Embedded Systems Laboratory at Link\"{o}ping University},
  _url = {https://www.ida.liu.se/~ivauk83/research/FSPT},
  url = {https://example.com},
  month = {June},
  year = {2017},
}
