@IEEEtranBSTCTL{IEEEexample:BSTcontrol,
  CTLuse_article_number = "no",
  CTLuse_forced_etal = "no",
  CTLmax_names_forced_etal = "100",
  CTLnames_show_etal = "0"
}

%
% Traffic modeling
%
@article{riedi1999,
  author = {Riedi, Rudolf and Crouse, M. and Ribeiro, V. and Baraniuk, R.},
  title = {A multifractal wavelet model with application to network traffic},
  journal = {IEEE Transactions on Information Theory},
  volume = 45,
  number = 3,
  pages = {992--1018},
  month = {April},
  year = 1999
}

@online{google,
  title = {Cluster-usage traces},
  organization = {Google},
  url = {https://github.com/google/cluster-data}
  month = {September},
  year = 2015
}

%
% Performance simulation
%
@inproceedings{carlson2011,
  author = {Carlson, Trevor and Heirman, Wim and Eeckhout, Lieven},
  title = {Sniper: Exploring the level of abstraction for scalable and accurate parallel multi-core simulations},
  booktitle = {International Conference for High Performance Computing, Networking, Storage and Analysis},
  pages = {52:1--52:12},
  month = {November},
  year = 2011
}

%
% Power simulation
%
@inproceedings{li2009,
  author = {Li, Sheng and Ahn, Jung Ho and Strong, Richard and Brockman, Jay and Tullsen, Dean and Jouppi, Norman},
  booktitle = {IEEE/ACM International Symposium on Microarchitecture},
  title = {{McPAT}: An integrated power, area, and timing modeling framework for multicore and manycore architectures},
  pages = {469--480},
  month = {December},
  year = 2009
}

%
% Temperature simulation
%
@article{skadron2004,
  author = {Skadron, Kevin and Stan, Mircea R. and Sankaranarayanan, Karthik and Huang, Wei and Velusamy, Sivakumar and Tarjan, David},
  title = {Temperature-Aware Microarchitecture: Modeling and Implementation},
  journal = {ACM Transactions on Architecture and Code Optimization},
  volume = 1,
  number = 1,
  pages = {94--125},
  month = {March},
  year = 2004
}

@inproceedings{sridhar2010,
  author = {Sridhar, Arvind and Vincenzi, Alessandro and Ruggiero, Martino and Brunschwiler, Thomas and Atienza, David},
  booktitle = IEEE_J_CAD,
  title = {{3D-ICE}: Fast compact transient thermal modeling for {3D ICs} with inter-tier liquid cooling},
  pages = {463--470},
  month = {November},
  year = 2010
}

%
% Benchmarks
%
@phdthesis{bienia2011,
  author = {Bienia, Christian},
  title = {Benchmarking Modern Multiprocessors},
  school = {Princeton University},
  month = {January},
  year = 2011
}

@online{cpu2006,
  title = {SPEC CPU2006},
  organization = {Standard Performance Evaluation Corporation},
  url = {https://www.spec.org/cpu2006},
  month = {September},
  year = 2015
}

%
% Auxiliary software
%
@online{redis,
  title = {Redis},
  url = {http://redis.io},
  month = {September},
  year = 2015
}

@online{sqlite,
  title = {{SQLite}},
  url = {https://sqlite.org},
  month = {September},
  year = 2015
}

%
% Our work
%
@inproceedings{ukhov2012,
  author = {Ukhov, Ivan and Bao, Min and Eles, Petru and Peng, Zebo},
  title = {Steady-state dynamic temperature analysis and reliability optimization for embedded multiprocessor systems},
  booktitle = {Design Automation Conference},
  pages = {197--204},
  month = June,
  year = 2012
}

@online{sources,
  title = {Source code, configuration files, and input data},
  organization = {Embedded Systems Laboratory at Link\"{o}ping University},
  url = {https://www.ida.liu.se/~ivauk83/research/MGPT},
  month = {September},
  year = 2015
}

@online{rust,
  title = {The {Rust} programming language},
  url = {https://www.rust-lang.org},
  month = {September},
  year = 2015
}
